@BOOK{Barnsley1988,
  title = {Fractals Everywhere},
  publisher = {Academic Press},
  year = {1988},
  author = {M. F. Barnsley},
  address = {Boston}
}

@INPROCEEDINGS{Green2005,
  author = {S. G. Green},
  title = {GPU-Accelerated Iterated Function Systems},
  booktitle = {ACM SIGGRAPH 2005 Sketches},
  series = {SIGGRAPH '05},
  year = {2005},
  articleno = {15},
  url = {http://http.download.nvidia.com/developer/presentations/2005/SIGGRAPH/GPU_ifs_sketch.pdf},
  doi = {10.1145/1187112.1187128},
  publisher = {ACM},
  address = {New York, NY, USA},
  editor = {Juan Buhler},
}

@ARTICLE{Hutchinson1981,
  author = {J. E. Hutchinson},
  title = {Fractals and self similarity},
  journal = {Indiana Univ. Math. J.},
  volume = {30},
  year = {1981},
  pages = {713},
  url = {http://wwwmaths.anu.edu.au/~john/Assets/Research\%20Papers/fractals_self-similarity.pdf}
}

@ARTICLE{Draves2003,
  author = {S. Draves and E. Reckase},
  title = {The Fractal Flame Algorithm},
  year = {2003},
  journal = {http://flam3.com/flame\_draves.pdf},
  note = {downloaded 20 March 2012}
  url = {http://flam3.com/flame_draves.pdf}
}

@INCOLLECTION{Schied2011,
  author = {C. Schied and J. Hanika and H. Dammertz and H. P. A. Lensch},
  title = {High-Performance Iterated Function Systems},
  booktitle = {GPU computing gems, Emerald Edition},
  publisher = {Morgan Kaufmann},
  address = {Burlington},
  editor = {W.-M. W. Hwu},
  year = {2011},
}

% K. J. Falconer, \textit{Fractal Geometry: Mathematical Foundations and 
% Applications}, Wiley \& Sons, Chichester, 2003.
